@book{nielsen2016introduction,
  title={Introduction to HPC with MPI for Data Science},
  author={Nielsen, Frank},
  year={2016},
  publisher={Springer},
annotation={Helped me understand  the explanation of hierarchical clustering, dendrogram visualizations, and the specific focus on agglomerative hierarchical clustering .}

}
@article{day1984efficient,
  title={Efficient algorithms for agglomerative hierarchical clustering methods},
  author={Day, William HE and Edelsbrunner, Herbert},
  journal={Journal of classification},
  volume={1},
  number={1},
  pages={7--24},
  year={1984},
  publisher={Springer},
annotition={helped me understand agglomerative (bottom-up) and divisive (top-down) methods.}
}
@article{roux2018comparative,
  title={A comparative study of divisive and agglomerative hierarchical clustering algorithms},
  author={Roux, Maurice},
  journal={Journal of Classification},
  volume={35},
  pages={345--366},
  year={2018},
  publisher={Springer},
annotition={helped me understand  average linkage method}
}
@article{xu2005survey,
  title={Survey of clustering algorithms},
  author={Xu, Rui and Wunsch, Donald},
  journal={IEEE Transactions on neural networks},
  volume={16},
  number={3},
  pages={645--678},
  year={2005},
  publisher={Ieee},
annotition={helped me understand the complete linkage method.}
}
@article{yim2015hierarchical,
  title={Hierarchical cluster analysis: comparison of three linkage measures and application to psychological data},
  author={Yim, Odilia and Ramdeen, Kylee T},
  journal={The quantitative methods for psychology},
  volume={11},
  number={1},
  pages={8--21},
  year={2015},
annotition={helped me understand Euclidean and Manhattan distances in clustering.}
}

@inproceedings{salvador2004determining,
  title={Determining the number of clusters/segments in hierarchical clustering/segmentation algorithms},
  author={Salvador, Stan and Chan, Philip},
  booktitle={16th IEEE international conference on tools with artificial intelligence},
  pages={576--584},
  year={2004},
  organization={IEEE},
annotition={helped me understand customer segmentation.}
}
@misc{Agglomerative_Vs_Divisive,
title = {{Figure 1: Difference between agglomerative and divisive hierarchical...}},
	url = {https://www.researchgate.net/figure/Difference-between-agglomerative-and-divisive-hierarchical-clustering-methods_fig1_276332381},
}
@misc{Dendrogram,
	author = {GeeksforGeeks},
	month = {3},
	title = {{Hierarchical clustering in machine learning}},
	year = {2024},
	url = {https://www.geeksforgeeks.org/hierarchical-clustering/},
}
@misc{Linkage,
	author = {GeeksforGeeks},
	month = {3},
	title = {{ML types of linkages in clustering}},
	year = {2024},
	url = {https://www.geeksforgeeks.org/ml-types-of-linkages-in-clustering/},
}
@misc{ wardmethod,
	author = {Scott, Marc},
	title = {{2 Chapter 2. Hierarchical Clustering | Machine Learning: Unsupervised and Supervised learning}},
	url = {https://bookdown.org/content/f097ddae-23f5-4b2d-b360-ad412a6ca36a/chapter-2.-hierarchical-clustering.html},
}
@misc{TheEuclideanandManhattenDistance,
	title = {{The manhattan distance in clustering - Google Search}},
	url = {https://www.google.com/search?q=The+manhattan+distance+in+clustering&sca_esv=3678dde202b7a0c9&sca_upv=1&rlz=1C1FKPE_deDE1098DE1106&udm=2&biw=1522&bih=738&sxsrf=ADLYWIIpJ54mob2PvkYvrgXuNqeJdTSj1A%3A1718795621247&ei=Zb1yZsnZDvOhi-gPu5KB0A4&ved=0ahUKEwiJoMjTxOeGAxXz0AIHHTtJAOoQ4dUDCBA&uact=5&oq=The+manhattan+distance+in+clustering&gs_lp=Egxnd3Mtd2l6LXNlcnAiJFRoZSBtYW5oYXR0YW4gZGlzdGFuY2UgaW4gY2x1c3RlcmluZ0i_WFAAWN9TcAF4AJABAJgBnAGgAYwPqgEEMjAuM7gBA8gBAPgBAZgCBKACoQPCAggQABgHGAgYHsICBhAAGAgYHpgDAJIHAzMuMaAH5xs&sclient=gws-wiz-serp#imgrc=sPkPuxS5qOoCEM&imgdii=mWIQRfZOz2-xBM},
}